<record><leader>00000cas a22000007a 4500</leader><controlfield tag="001">15193640</controlfield><controlfield tag="008">870213d19001935iluwr ne      0    0eng d</controlfield><datafield ind1=" " ind2=" " tag="010"><subfield code="a">sn 87082200 </subfield></datafield><datafield ind1=" " ind2=" " tag="040"><subfield code="a">NPV</subfield><subfield code="b">eng</subfield><subfield code="c">NPV</subfield><subfield code="d">NVF</subfield><subfield code="d">OCLCQ</subfield><subfield code="d">CVF</subfield><subfield code="d">NVF</subfield><subfield code="d">OCLCQ</subfield></datafield><datafield ind1=" " ind2=" " tag="042"><subfield code="a">msc</subfield></datafield><datafield ind1=" " ind2=" " tag="043"><subfield code="a">n-us-il</subfield></datafield><datafield ind1="0" ind2=" " tag="130"><subfield code="a">Warren sentinel-leader (Warren, Ill. : 1900)</subfield></datafield><datafield ind1="1" ind2="0" tag="245"><subfield code="a">Warren sentinel-leader.</subfield></datafield><datafield ind1="3" ind2="0" tag="246"><subfield code="a">Sentinel leader</subfield></datafield><datafield ind1=" " ind2=" " tag="260"><subfield code="a">Warren, JoDaviess County, Ill. :</subfield><subfield code="b">Ganns &amp; Hicks,</subfield><subfield code="c">1900-1935.</subfield></datafield><datafield ind1=" " ind2=" " tag="300"><subfield code="a">v.</subfield></datafield><datafield ind1=" " ind2=" " tag="310"><subfield code="a">Weekly</subfield></datafield><datafield ind1="0" ind2=" " tag="362"><subfield code="a">Vol. 43, no. 34 (Mar. 1, 1900)-v. 79, no. 42 (Oct. 24, 1935).</subfield></datafield><datafield ind1=" " ind2=" " tag="500"><subfield code="a">Published as: The Sentinel-leader, &lt;Oct. 30, 1931&gt;</subfield></datafield><datafield ind1=" " ind2=" " tag="515"><subfield code="a">Issues for Mar. 1, 1900-Feb. 10, 1909 called also vol. 1, no. 1-v. 9, no. 52 and v. 9, no. 22-v. 18, no. 30.</subfield></datafield><datafield ind1=" " ind2=" " tag="580"><subfield code="a">Formed by the union of: Warren sentinel (Warren, Ill. : Weekly), and: Warren leader (Warren, Ill.).</subfield></datafield><datafield ind1=" " ind2="4" tag="651"><subfield code="a">Warren (Ill.)</subfield><subfield code="v">Newspapers.</subfield></datafield><datafield ind1=" " ind2=" " tag="752"><subfield code="a">United States</subfield><subfield code="b">Illinois</subfield><subfield code="c">Jo Daviess</subfield><subfield code="d">Warren.</subfield></datafield><datafield ind1="1" ind2="4" tag="780"><subfield code="t">Warren sentinel (Warren, Ill. : Weekly)</subfield><subfield code="w">(DLC)sn 85034210</subfield><subfield code="w">(OCoLC)12564039</subfield></datafield><datafield ind1="1" ind2="4" tag="780"><subfield code="t">Warren leader (Warren, Ill.)</subfield></datafield><datafield ind1="0" ind2="0" tag="785"><subfield code="t">Sentinel-leader (Warren, Ill. : 1935)</subfield><subfield code="w">(DLC)sn 87082199</subfield><subfield code="w">(OCoLC)15193926</subfield></datafield><datafield ind1="1" ind2=" " tag="029"><subfield code="a">AU@</subfield><subfield code="b">000025816411</subfield></datafield></record>